%! Author = eelco
%! Date = 25-01-22
@article{Waskom2021,
    doi = {10.21105/joss.03021},
    url = {https://doi.org/10.21105/joss.03021},
    year = {2021},
    publisher = {The Open Journal},
    volume = {6},
    number = {60},
    pages = {3021},
    author = {Michael L. Waskom},
    title = {seaborn: statistical data visualization},
    journal = {Journal of Open Source Software}
}
@misc{seaborn_iris_data,
    author = {Michael L. Waskom},
    title = {\href{https://seaborn.pydata.org/}{Seaborn: statistical data visualization}},
    year = 2021
}
@report{cybersecuritymonitor_20,
    title = {\href{https://www.cbs.nl/nl-nl/publicatie/2021/18/cybersecuritymonitor-2020}{Cybersecuritymonitor 2020}},
    author = {CBS},
    institution = {CBS},
    year = 2020
}
@misc{cybersecuritymonitor_20_github,
    title = {\href{https://github.cbsp.nl/git/EVLT/cybersecuritymonitor-2020.git}{Broncode Cybersecuritymonitor 2020}},
    author = {E. van Vliet},
    institution = {CBS},
    year = 2020
}
@misc{htmlcleaner_github,
    title = {\href{https://github.cbsp.nl/git/EVLT/htmlcleaner.git}{Broncode htmlcleaner}},
    author = {E. van Vliet},
    institution = {CBS},
    year = 2022
}
@misc{latex2ccn_github,
    title = {\href{https://github.cbsp.nl/git/EVLT/latexmlsuite.git}{Broncode latex2ccn}},
    author = {E. van Vliet},
    institution = {CBS},
    year = 2022
}
@misc{latexml,
    title = {\href{https://math.nist.gov/~BMiller/LaTeXML/manual.pdf}{LaTeXML The Manual version 0.86}},
    author = {Bruce R. Miller},
    institution = {National Institute of Standards and Technology},
    year = 2020
}
@misc{latexnottooshort,
    title = {\href{https://tobi.oetiker.ch/lshort/lshort.pdf}{The Not So Short Introduction to LATEX 2ε; Or --LATEX 2ε in 139 minutes--}},
    number = {Version 6.4},
    author = {Tobias Oetiker and Hubert Partl and Irene Hyna and Elisabeth Schlegl},
    institution = {National Institute of Standards and Technology},
    year = 2021
}
