@inproceedings{Putra2022,
  title = {{Preliminary result: source parameters for small-moderate earthquakes in Aceh segment, Sumatran fault zone (Northern Sumatra)}},
  DOI = {10.1142/9789811260100_0076},
  booktitle = {18th Annual Meeting of the Asia Oceania Geosciences Society},
  publisher = {WORLD SCIENTIFIC},
  author = {Putra,  A. Ade Surya and Nugraha,  B. Andri Dian and Puspito,  C. Nanang T. and Sahara,  D. David P.},
  year = {2022},
  month = apr
}
@misc{Davaasuren2023,
  doi = {10.13140/RG.2.2.15069.59362},
  author = {{Ganzorig Davaasuren} and {Oyun-Erdene Monkhor}},
  language = {en},
  title = {{Scaling relations of moment magnitude (Mw) and local magnitude (ML) for large earthquakes in
northern Mongolia}},
  publisher = {Unpublished},
  year = {2023}
}
@misc{Chouli2024,
  title = {{Search for repeaters in the central part of the Chilean subduction zone}},
  DOI = {10.5194/egusphere-egu24-17042},
  publisher = {Copernicus GmbH},
  author = {Chouli,  Audrey and Costes,  Lucile and Marsan,  David and M\"{u}nchmeyer,  Jannes and Giffard-Roisin,  Sophie and Socquet,  Anne},
  year = {2024},
  month = mar
}
@misc{Grunberg2024,
  title = {{A new workflow for revising the seismicity catalog for mainland France, covering the period 2010-2018}},
  DOI = {10.5194/egusphere-egu24-5100},
  publisher = {Copernicus GmbH},
  author = {Grunberg,  Marc and Lambotte,  Sophie},
  year = {2024},
  month = mar
}
@misc{Cabieces2024,
  title = {{SurfQuake (SQ): A new Python toolbox for the workflow process of seismic sources}},
  DOI = {10.5194/egusphere-egu24-2816},
  publisher = {Copernicus GmbH},
  author = {Cabieces,  Roberto and Junqueira,  Thiago C. and Relinque,  Jes√∫s},
  year = {2024},
  month = mar
}