@article{Duverger2018,
  title = {{Dynamics of microseismicity and its relationship with the active structures in the western Corinth Rift (Greece)}},
  volume = {215},
  ISSN = {1365-246X},
  DOI = {10.1093/gji/ggy264},
  number = {1},
  journal = {Geophysical Journal International},
  publisher = {Oxford University Press (OUP)},
  author = {Duverger,  C and Lambotte,  S and Bernard,  P and Lyon-Caen,  H and Deschamps,  A and Nercessian,  A},
  year = {2018},
  month = jun,
  pages = {196–221}
}
@article{Laporte2021,
  title = {{Seismicity in far western Nepal reveals flats and ramps along the Main Himalayan Thrust}},
  volume = {226},
  ISSN = {1365-246X},
  DOI = {10.1093/gji/ggab159},
  number = {3},
  journal = {Geophysical Journal International},
  publisher = {Oxford University Press (OUP)},
  author = {Laporte,  M and Bollinger,  L and Lyon-Caen,  H and Hoste-Colomer,  R and Duverger,  C and Letort,  J and Riesner,  M and Koirala,  B P and Bhattarai,  M and Kandel,  T and Timsina,  C and Adhikari,  L B},
  year = {2021},
  month = apr,
  pages = {1747–1763}
}
@article{Masson2021,
  title = {{The Transversal Seismicity Action RESIF: A Tool to Improve the Distribution of the French Seismicity Products}},
  volume = {92},
  ISSN = {1938-2057},
  DOI = {10.1785/0220200353},
  number = {3},
  journal = {Seismological Research Letters},
  publisher = {Seismological Society of America (SSA)},
  author = {Masson,  Frédéric and Auclair,  Samuel and Bertil,  Didier and Grunberg,  Marc and Hernandez,  Bruno and Lambotte,  Sophie and Mazet-Roux,  Gilles and Provost,  Ludmila and Saurel,  Jean-Marie and Schlupp,  Antoine and Sira,  Christophe},
  year = {2021},
  month = mar,
  pages = {1623–1641}
}
@article{Oral2021,
  title = {{Future magnitude 7.5 earthquake offshore Martinique: spotlight on the main source features controlling ground motion prediction}},
  volume = {227},
  ISSN = {1365-246X},
  url = {http://dx.doi.org/10.1093/gji/ggab245},
  DOI = {10.1093/gji/ggab245},
  number = {2},
  journal = {Geophysical Journal International},
  publisher = {Oxford University Press (OUP)},
  author = {Oral,  Elif and Satriano,  Claudio},
  year = {2021},
  month = jun,
  pages = {1076–1093}
}
@article{Craiu2023,
  title = {{An automatic procedure for earthquake analysis using real-time data}},
  volume = {58},
  ISSN = {2213-5820},
  DOI = {10.1007/s40328-023-00402-1},
  number = {1},
  journal = {Acta Geodaetica et Geophysica},
  publisher = {Springer Science and Business Media LLC},
  author = {Craiu,  M. and Craiu,  A. and Mihai,  M. and Marmureanu,  A.},
  year = {2023},
  month = feb,
  pages = {1–18}
}
@article{Lefils2023,
  title = {{MADAM: A temporary seismological survey experiment in Aetolia-Akarnanian region (Western Greece)}},
  volume = {59},
  ISSN = {0438-9557},
  DOI = {10.12681/bgsg.31714},
  number = {1},
  journal = {Bulletin of the Geological Society of Greece},
  publisher = {National Documentation Centre (EKT)},
  author = {Lefils,  Valentine and Rigo,  Alexis and Sokos,  Efthimios},
  year = {2023},
  month = jan,
  pages = {158–174}
}
@article{Lengline2023,
  title = {{The largest induced earthquakes during the GEOVEN deep geothermal project, Strasbourg, 2018–2022: from source parameters to intensity maps}},
  volume = {234},
  ISSN = {1365-246X},
  DOI = {10.1093/gji/ggad255},
  number = {3},
  journal = {Geophysical Journal International},
  publisher = {Oxford University Press (OUP)},
  author = {Lengliné,  O and Schmittbuhl,  J and Drif,  K and Lambotte,  S and Grunberg,  M and Kinscher,  J and Sira,  C and Schlupp,  A and Schaming,  M and Jund,  H and Masson,  F},
  year = {2023},
  month = apr,
  pages = {2445–2457}
}
@article{Panebianco2023,
  title = {{Semi-automated template matching and machine-learning based analysis of the August 2020 Castelsaraceno microearthquake sequence (southern Italy)}},
  volume = {14},
  ISSN = {1947-5713},
  DOI = {10.1080/19475705.2023.2207715},
  number = {1},
  journal = {Geomatics,  Natural Hazards and Risk},
  publisher = {Informa UK Limited},
  author = {Panebianco,  S. and Serlenga,  V. and Satriano,  C. and Cavalcante,  F. and Stabile,  T. A.},
  year = {2023},
  month = may
}
@article{Sunilkumar2023,
  title = {{Seismotectonic significance of the December 1, 2020 Haridwar, India earthquake (M 4.3), a lower crust event near the Himalayan topographic front}},
  volume = {132},
  ISSN = {0973-774X},
  DOI = {10.1007/s12040-023-02072-7},
  number = {2},
  journal = {Journal of Earth System Science},
  publisher = {Springer Science and Business Media LLC},
  author = {Sunilkumar,  T C and Gahalaut,  Vineet K and Srinagesh,  D and Naresh,  B},
  year = {2023},
  month = mar
}
@article{Wang2023,
  title = {{Source characteristics of the aftershocks of the Wenchuan and Lushan earthquake sequences in the Longmen-Shan fault zone}},
  volume = {10},
  ISSN = {2296-6463},
  DOI = {10.3389/feart.2022.1061754},
  journal = {Frontiers in Earth Science},
  publisher = {Frontiers Media SA},
  author = {Wang,  Zibo and Liu,  Ruifeng and Liu,  Wei},
  year = {2023},
  month = jan
}
@article{Gehl2024,
  title = {{Development of an empirical ground-motion model for post-mining induced seismicity near Gardanne, France}},
  volume = {23},
  ISSN = {2300-3960},
  DOI = {10.46873/2300-3960.1408},
  number = {2},
  journal = {Journal of Sustainable Mining},
  publisher = {Glowny Instytut Gornictwa (Central Mining Institute)},
  author = {Gehl,  Pierre and Dominique,  Pascal and Aochi,  Hideo and Delatre,  Mickael and Kinscher,  Jannes and Contrucci,  Isabelle},
  year = {2024},
  month = feb,
  pages = {98–117}
}