@article{Boatwright1986,
    doi = {10.1029/jb091ib02p02095},
    year = {1986},
    publisher = {American Geophysical Union ({AGU})},
    volume = {91},
    number = {B2},
    pages = {2095},
    author = {John Boatwright and George L. Choy},
    title = {Teleseismic estimates of the energy radiated by shallow earthquakes},
    journal = {Journal of Geophysical Research}
}
@article{Boatwright2002,
    author = {Boatwright, John and Choy, George L. and Seekins, Linda C.},
    title = "{Regional Estimates of Radiated Seismic Energy}",
    journal = {Bulletin of the Seismological Society of America},
    volume = {92},
    number = {4},
    pages = {1241-1255},
    year = {2002},
    month = {05},
    issn = {0037-1106},
    doi = {10.1785/0120000932},
}
@article{Brune1970,
    author = {Brune, James N.},
    title = {Tectonic stress and the spectra of seismic shear waves from earthquakes},
    journal = {Journal of Geophysical Research (1896-1977)},
    volume = {75},
    number = {26},
    pages = {4997-5009},
    keywords = {Earthquakes: Energy, Seismology: Seismic Sources},
    doi = {10.1029/JB075i026p04997},
    year = {1970}
}
@article{DiBona1988,
    author = {Di Bona, Massimo and Rovelli, Antonio},
    title = "{Effects of the bandwidth limitation of stress drops estimated from integrals of the ground motion}",
    journal = {Bulletin of the Seismological Society of America},
    volume = {78},
    number = {5},
    pages = {1818-1825},
    year = {1988},
    month = {10},
    issn = {0037-1106},
    doi = {10.1785/BSSA0780051818},
    url = {http://bssa.geoscienceworld.org/cgi/doi/10.1785/BSSA0780051818},
}
@article{Kaneko2014,
    doi = {10.1093/gji/ggu030},
    year = {2014},
    month = mar,
    publisher = {Oxford University Press ({OUP})},
    volume = {197},
    number = {2},
    pages = {1002--1015},
    author = {Yoshihiro Kaneko and Peter M. Shearer},
    title = {Seismic source spectra and estimated stress drop derived from cohesive-zone models of circular subshear rupture},
    journal = {Geophysical Journal International}
}
@article{Lancieri2012,
    author = {Lancieri, Maria and Madariaga, Raul and Bonilla, Fabian},
    title = "{Spectral scaling of the aftershocks of the Tocopilla 2007 earthquake in northern Chile}",
    journal = {Geophysical Journal International},
    volume = {189},
    number = {1},
    pages = {469-480},
    year = {2012},
    month = {04},
    doi = {10.1111/j.1365-246X.2011.05327.x},
}
@article{Madariaga1976,
    doi = {10.1785/bssa0660030639},
    year = {1976},
    month = jun,
    publisher = {Seismological Society of America ({SSA})},
    volume = {66},
    number = {3},
    pages = {639--666},
    author = {Raul Madariaga},
    title = {Dynamics of an expanding circular fault},
    journal = {Bulletin of the Seismological Society of America}
}
@incollection{Madariaga2011,
    title = "Earthquake scaling laws",
    booktitle = "Extreme Environmental Events",
    author = "Madariaga, Raul",
    publisher = "Springer New York",
    pages = "364--383",
    year =  2011,
    address = "New York, NY",
    doi = "10.1007/978-1-4419-7695-6_22",
    url = "https://www.researchgate.net/publication/226065848_Earthquake_Scaling_Laws",
}
@article{Okal1992,
    doi = {10.1785/gssrl.63.2.169},
    year = {1992},
    month = apr,
    publisher = {Seismological Society of America ({SSA})},
    volume = {63},
    number = {2},
    pages = {169--180},
    author = {Emile A. Okal},
    title = {A Student's Guide to Teleseismic Body Wave Amplitudes},
    journal = {Seismological Research Letters}
}
@article{Sato1973,
    doi = {10.4294/jpe1952.21.415},
    year = {1973},
    publisher = {Seismological Society of Japan},
    volume = {21},
    number = {4},
    pages = {415--431},
    author = {Tamao Sato and Tomowo Hirasawa},
    title = {Body wave spectra from propagating shear cracks.},
    journal = {Journal of Physics of the Earth}
}