@Online{Hykes2013,
  author   = {Hykes, Solomon and John Doe and Van Vreckem, Bert},
  date     = {2013-03-21},
  title    = {The future of Linux Containers (PyCon 2013)},
  url      = {https://www.youtube.com/watch?v=wW9CAH9nSLs},
  urldate  = {2016-09-01},
  abstract = {At PyCon Solomon Hykes shows docker to the public for the first time.},
}