@manual{example,
  author = {Author, John}, 
  title = {The Book Title}, 
  date = {2023-01-01}, 
}